<record><leader>00000cas a2200000 i 4500</leader><controlfield tag="001">877965611</controlfield><controlfield tag="006">m     o  d        </controlfield><controlfield tag="007">cr |||||||||||</controlfield><controlfield tag="008">140423d18671873ncuwr neo     0   a0eng  </controlfield><datafield ind1=" " ind2=" " tag="010"><subfield code="a">  2014218283</subfield></datafield><datafield ind1=" " ind2=" " tag="040"><subfield code="a">DLC</subfield><subfield code="b">eng</subfield><subfield code="e">rda</subfield><subfield code="c">DLC</subfield><subfield code="d">DLC</subfield></datafield><datafield ind1="0" ind2=" " tag="022"><subfield code="a">2372-4900</subfield><subfield code="2">1</subfield></datafield><datafield ind1="1" ind2=" " tag="029"><subfield code="a">NZ1</subfield><subfield code="b">16178583</subfield></datafield><datafield ind1=" " ind2=" " tag="042"><subfield code="a">pcc</subfield><subfield code="a">nsdp</subfield></datafield><datafield ind1=" " ind2=" " tag="043"><subfield code="a">n-us-nc</subfield></datafield><datafield ind1="1" ind2="0" tag="050"><subfield code="a">ISSN RECORD</subfield></datafield><datafield ind1="0" ind2="0" tag="082"><subfield code="a">071</subfield><subfield code="2">23</subfield></datafield><datafield ind1="0" ind2=" " tag="130"><subfield code="a">Tarboro' southerner (Tarboro, N.C. : 1867 : Online)</subfield></datafield><datafield ind1=" " ind2="4" tag="222"><subfield code="a">The Tarboro' southerner</subfield><subfield code="b">(Tarboro, N.C. 1867. Online)</subfield></datafield><datafield ind1="1" ind2="4" tag="245"><subfield code="a">The Tarboro' southerner.</subfield></datafield><datafield ind1=" " ind2="1" tag="264"><subfield code="a">Tarboro', Edgecpmbe County, North Carolina :</subfield><subfield code="b">Charles, Hearne &amp; Biggs,</subfield><subfield code="c">1867-</subfield></datafield><datafield ind1=" " ind2=" " tag="300"><subfield code="a">1 online resource</subfield></datafield><datafield ind1=" " ind2=" " tag="310"><subfield code="a">Weekly</subfield></datafield><datafield ind1=" " ind2=" " tag="336"><subfield code="a">text</subfield><subfield code="b">txt</subfield><subfield code="2">rdacontent</subfield></datafield><datafield ind1=" " ind2=" " tag="337"><subfield code="a">computer</subfield><subfield code="b">c</subfield><subfield code="2">rdamedia</subfield></datafield><datafield ind1=" " ind2=" " tag="338"><subfield code="a">online resource</subfield><subfield code="b">cr</subfield><subfield code="2">rdacarrier</subfield></datafield><datafield ind1="1" ind2=" " tag="362"><subfield code="a">Began with vol. XLIII, no. 40 (September 5, 1867); ceased in Dec. 1873.</subfield></datafield><datafield ind1=" " ind2=" " tag="500"><subfield code="a">Democratic.</subfield></datafield><datafield ind1=" " ind2=" " tag="588"><subfield code="a">Description based on: Vol. XLIII, no. 40 (September 5, 1867); title from masthead (Chroniclingamerica.loc.gov, viewed April 23, 2014).</subfield></datafield><datafield ind1=" " ind2=" " tag="588"><subfield code="a">Latest issue consulted: Volume 49, number 49 (November 6, 1873) (Chroniclingamerica.loc.gov, viewed April 23, 2014).</subfield></datafield><datafield ind1=" " ind2="0" tag="651"><subfield code="a">Tarboro (N.C.)</subfield><subfield code="v">Newspapers.</subfield></datafield><datafield ind1=" " ind2="0" tag="651"><subfield code="a">Edgecombe County (N.C.)</subfield><subfield code="v">Newspapers.</subfield></datafield><datafield ind1=" " ind2="7" tag="651"><subfield code="a">North Carolina</subfield><subfield code="z">Edgecombe County.</subfield><subfield code="2">fast</subfield><subfield code="0">(OCoLC)fst01206610</subfield></datafield><datafield ind1=" " ind2="7" tag="651"><subfield code="a">North Carolina</subfield><subfield code="z">Tarboro.</subfield><subfield code="2">fast</subfield><subfield code="0">(OCoLC)fst01215113</subfield></datafield><datafield ind1=" " ind2="7" tag="655"><subfield code="a">Newspapers.</subfield><subfield code="2">fast</subfield><subfield code="0">(OCoLC)fst01423814</subfield></datafield><datafield ind1=" " ind2=" " tag="752"><subfield code="a">United States</subfield><subfield code="b">North Carolina</subfield><subfield code="c">Edgecombe</subfield><subfield code="d">Tarboro.</subfield></datafield><datafield ind1="0" ind2="8" tag="776"><subfield code="i">Origianlly issued in print:</subfield><subfield code="t">Tarboro' southerner (Tarboro, N.C. : 1867)</subfield><subfield code="x">2372-4897</subfield><subfield code="w">(DLC)sn 84026522</subfield><subfield code="w">(OCoLC)10471512</subfield></datafield><datafield ind1="0" ind2="0" tag="780"><subfield code="t">Southerner (Tarboro, N.C. : Online)</subfield><subfield code="x">2374-8931</subfield><subfield code="w">(DLC)  2014218588</subfield><subfield code="w">(OCoLC)890933341</subfield></datafield><datafield ind1="0" ind2="7" tag="785"><subfield code="t">Enquirer (Tarboro, N.C. : Online)</subfield></datafield><datafield ind1="0" ind2="7" tag="785"><subfield code="t">Enquirer southerner (Online)</subfield></datafield><datafield ind1="4" ind2="0" tag="856"><subfield code="u">http://www.loc.gov/chroniclingamerica/lccn/sn84026522/issues</subfield></datafield></record>